
@book{KakSlaney2001,
  title={Principles of Computerized Tomographic Imaging},
  author={Kak, A.C. and Slaney, M.},
  isbn={9780898714944},
  lccn={2001020475},
  series={Classics in Applied Mathematics},
  url={https://books.google.com/books?id=Z6RpVjb9\_lwC},
  year={2001},
  publisher={Society for Industrial and Applied Mathematics}
}

@ARTICLE{DescourDereniakCTIS1995,
       author = {{Descour}, Michael and {Dereniak}, Eustace},
        title = "{Computed-tomography imaging spectrometer: experimental calibration and reconstruction results}",
      journal = {\ao},
     keywords = {IMAGING SYSTEMS, SPECTROGRAPHS, DATA PROCESSING, IMAGE RECONSTRUCTION, TOMOGRAPHY},
         year = 1995,
        month = aug,
       volume = {34},
       number = {22},
        pages = {4817-4826},
          doi = {10.1364/AO.34.004817},
       adsurl = {https://ui.adsabs.harvard.edu/abs/1995ApOpt..34.4817D},
      adsnote = {Provided by the SAO/NASA Astrophysics Data System}
}



@article{aiapy,
   doi = {10.21105/joss.02801},
   url = {https://doi.org/10.21105/joss.02801},
   year = {2020},
   publisher = {The Open Journal},
   volume = {5},
   number = {55},
   pages = {2801},
   author = {Will T. Barnes and Mark C. M. Cheung and Monica G. Bobra and Paul F. Boerner and Georgios Chintzoglou and Drew Leonard and Stuart J. Mumford and Nicholas Padmanabhan and Albert Y. Shih and Nina Shirman and David Stansby and Paul J. Wright},
   title = {aiapy: A Python Package for Analyzing Solar EUV Image Data from AIA},
   journal = {Journal of Open Source Software}
}

@article{ESIS,
	
	year = {2021},
	author = {Hans T. Courrier and
	Charles C. Kankelborg and
	Amy R. Winebarger and
	Ken Kobayashi and
	Brent Beabout and
	Dyana Beabout and
	Ben Carrol and
	Jonathan Cirtain and
	James A. Duffy and
	Carlos Gomez and
	Eric Gullikson and
	Micah Johnson and
	Jacob D. Parker and
	Laurel Rachmeler and
	Roy T. Smart and
	Larry Springer and
	David L. Windt},
	title = {The EUV Snapshot Imaging Spectrograph (ESIS)},
	journal = {In preperation for ApJ}
}

@ARTICLE{Kankelborg2008,
	author = {{Kankelborg}, Charles C.},
	title = "{Coronal Tomography}",
	journal = {arXiv e-prints},
	keywords = {Astrophysics},
	year = 2008,
	month = jun,
	eid = {arXiv:0806.4803},
	pages = {arXiv:0806.4803},
	archivePrefix = {arXiv},
	eprint = {0806.4803},
	primaryClass = {astro-ph},
	adsurl = {https://ui.adsabs.harvard.edu/abs/2008arXiv0806.4803K},
	adsnote = {Provided by the SAO/NASA Astrophysics Data System}
}


@INPROCEEDINGS{Kankelborg2012SMART,
	author = {{Kankelborg}, Charles and {Atwood}, S. and {Courrier}, H. and {Plovanic}, J. and {Rust}, T.},
	title = "{Simultaneous Imaging and Spectroscopy by Inversion of MOSES Sounding Rocket Data}",
	booktitle = {American Astronomical Society Meeting Abstracts \#220},
	year = 2012,
	series = {American Astronomical Society Meeting Abstracts},
	volume = {220},
	month = may,
	eid = {124.01},
	pages = {124.01},
	adsurl = {https://ui.adsabs.harvard.edu/abs/2012AAS...22012401K},
	adsnote = {Provided by the SAO/NASA Astrophysics Data System}
}



@PHDTHESIS{RustPhD,
	author = {{Rust}, Thomas Ludwell},
	title = "{Explosive Events in the Quiet Sun: Extreme Ultraviolet Imaging Spectroscopy Instrumentation and Observations}",
	keywords = {Physics;Astrophysics},
	school = {Montana State University},
	year = 2017,
	month = jan,
	adsurl = {https://ui.adsabs.harvard.edu/abs/2017PhDT........71R},
	adsnote = {Provided by the SAO/NASA Astrophysics Data System}
}

@ARTICLE{Rust2019,
	author = {{Rust}, Thomas and {Kankelborg}, Charles C.},
	title = "{Quiet-Sun Explosive Events Observed in He II {\ensuremath{\lambda}}304 with MOSES-06}",
	journal = {\apj},
	keywords = {instrumentation: spectrographs, magnetic reconnection, Sun: transition region, Sun: UV radiation, techniques: imaging spectroscopy},
	year = 2019,
	month = may,
	volume = {877},
	number = {1},
	eid = {59},
	pages = {59},
	doi = {10.3847/1538-4357/ab12e2},
	adsurl = {https://ui.adsabs.harvard.edu/abs/2019ApJ...877...59R},
	adsnote = {Provided by the SAO/NASA Astrophysics Data System}
}


@PHDTHESIS{FoxPhD,
	author = {{Fox}, James Lewis},
	title = "{Snapshot imaging spectroscopy of the solar transition region: The Multi-Order Solar EUV Spectrograph (MOSES) sounding rocket mission}",
	keywords = {Explosive events, Extreme ultraviolet, Solar transition region, Inverse problems, Sounding rocket, Sun},
	school = {Montana State University},
	year = 2011,
	month = jan,
	adsurl = {https://ui.adsabs.harvard.edu/abs/2011PhDT.........3F},
	adsnote = {Provided by the SAO/NASA Astrophysics Data System}
}

@ARTICLE{Courrier2018,
	author = {{Courrier}, Hans T. and {Kankelborg}, Charles C.},
	title = "{Using local correlation tracking to recover solar spectral information from a slitless spectrograph}",
	journal = {Journal of Astronomical Telescopes, Instruments, and Systems},
	year = 2018,
	month = jan,
	volume = {4},
	eid = {018001},
	pages = {018001},
	doi = {10.1117/1.JATIS.4.1.018001},
	adsurl = {https://ui.adsabs.harvard.edu/abs/2018JATIS...4a8001C},
	adsnote = {Provided by the SAO/NASA Astrophysics Data System}
}

@misc{CourrierPhD,
	publisher = {ProQuest Dissertations Publishing},
	isbn = {9798643180401},
	year = {2020},
	title = {Stigmatic Spectroscopy of the Solar Atmosphere in the Vacuum-ultraviolet},
	copyright = {Database copyright ProQuest LLC; ProQuest does not claim copyright in the individual underlying works.},
	language = {eng},
	author = {Courrier, Hans Thomas},
	keywords = {Physics},
}

@INPROCEEDINGS{Smart2018,
	author = {{Smart}, R. and {Kankelborg}, C.~C.},
	title = "{Machine Learning Techniques for Computed Tomography Imaging Spectroscopy of the Solar Atmosphere}",
	keywords = {7507 Chromosphere, SOLAR PHYSICS, ASTROPHYSICS, AND ASTRONOMYDE: 7509 Corona, SOLAR PHYSICS, ASTROPHYSICS, AND ASTRONOMYDE: 7538 Solar irradiance, SOLAR PHYSICS, ASTROPHYSICS, AND ASTRONOMYDE: 7594 Instruments and techniques, SOLAR PHYSICS, ASTROPHYSICS, AND ASTRONOMY},
	booktitle = {AGU Fall Meeting Abstracts},
	year = 2018,
	volume = {2018},
	month = dec,
	eid = {SH23A-05},
	pages = {SH23A-05},
	adsurl = {https://ui.adsabs.harvard.edu/abs/2018AGUFMSH23A..05S},
	adsnote = {Provided by the SAO/NASA Astrophysics Data System}
}


@INPROCEEDINGS{Smart2019,
	author = {{Smart}, R. and {Kankelborg}, C.~C. and {Parker}, J.~D. and {Courrier}, H. and {Winebarger}, A.~R. and {Kobayashi}, K. and {Rachmeler}, L.},
	title = "{A Neural Network-based Data Analysis Technique for the EUV Snapshot Imaging Spectrograph}",
	keywords = {7534 Radio emissions, SOLAR PHYSICS, ASTROPHYSICS, AND ASTRONOMY, 7549 Ultraviolet emissions, SOLAR PHYSICS, ASTROPHYSICS, AND ASTRONOMY, 7554 X-rays, gamma rays, and neutrinos, SOLAR PHYSICS, ASTROPHYSICS, AND ASTRONOMY, 7594 Instruments and techniques, SOLAR PHYSICS, ASTROPHYSICS, AND ASTRONOMY},
	booktitle = {AGU Fall Meeting Abstracts},
	year = 2019,
	volume = {2019},
	month = dec,
	eid = {SH31C-3321},
	pages = {SH31C-3321},
	adsurl = {https://ui.adsabs.harvard.edu/abs/2019AGUFMSH31C3321S},
	adsnote = {Provided by the SAO/NASA Astrophysics Data System}
}

MART
@ARTICLE{Okamoto1991,
	author = {{Okamoto}, Takayuki and {Yamaguchi}, Ichirou},
	title = "{Simultaneous acquisition of spectral image information}",
	journal = {Optics Letters},
	keywords = {IMAGING, SPECTRAL ANALYSIS},
	year = 1991,
	month = aug,
	volume = {16},
	number = {16},
	pages = {1277-1279},
	doi = {10.1364/OL.16.001277},
	adsurl = {https://ui.adsabs.harvard.edu/abs/1991OptL...16.1277O},
	adsnote = {Provided by the SAO/NASA Astrophysics Data System}
}


@ARTICLE{Verhoeven1993,
	author = {{Verhoeven}, Dean},
	title = "{Limited-data computed tomography algorithms for the physical sciences}",
	journal = {\ao},
	keywords = {Algorithms, Computer Aided Tomography, Data Smoothing, Image Processing, Image Reconstruction, Background Noise, Iterative Solution, Matrices (Mathematics), Spline Functions, Instrumentation and Photography, TOMOGRAPHY, IMAGE RECONSTRUCTION, INVERSE PROBLEMS},
	year = 1993,
	month = jul,
	volume = {32},
	number = {20},
	pages = {3736-3754},
	doi = {10.1364/AO.32.003736},
	adsurl = {https://ui.adsabs.harvard.edu/abs/1993ApOpt..32.3736V},
	adsnote = {Provided by the SAO/NASA Astrophysics Data System}
}





